@inproceedings{DBLP:conf/asiacrypt/EvenM91,
	author    = {Shimon Even and
		Yishay Mansour},
	title     = {A Construction of a Cioher From a Single Pseudorandom Permutation},
	booktitle = {Advances in Cryptology - {ASIACRYPT} '91, International Conference
		on the Theory and Applications of Cryptology, Fujiyoshida, Japan,
		November 11-14, 1991, Proceedings},
	pages     = {210--224},
	year      = {1991},
	crossref  = {DBLP:conf/asiacrypt/1991},
	url       = {https://doi.org/10.1007/3-540-57332-1_17},
	doi       = {10.1007/3-540-57332-1_17},
	timestamp = {Sat, 20 May 2017 15:32:54 +0200},
	biburl    = {http://dblp.org/rec/bib/conf/asiacrypt/EvenM91},
	bibsource = {dblp computer science bibliography, http://dblp.org}
}

@proceedings{DBLP:conf/asiacrypt/1991,
	editor    = {Hideki Imai and
		Ronald L. Rivest and
			Tsutomu Matsumoto},
	title     = {Advances in Cryptology - {ASIACRYPT} '91, International Conference
		on the Theory and Applications of Cryptology, Fujiyoshida, Japan,
		November 11-14, 1991, Proceedings},
	series    = {Lecture Notes in Computer Science},
	volume    = {739},
	publisher = {Springer},
	year      = {1993},
	url       = {https://doi.org/10.1007/3-540-57332-1},
	doi       = {10.1007/3-540-57332-1},
	isbn      = {3-540-57332-1},
	timestamp = {Sat, 20 May 2017 15:32:54 +0200},
	biburl    = {http://dblp.org/rec/bib/conf/asiacrypt/1991},
	bibsource = {dblp computer science bibliography, http://dblp.org}
}

@article{DBLP:journals/joc/EvenM97,
	author    = {Shimon Even and
		Yishay Mansour},
	title     = {A Construction of a Cipher from a Single Pseudorandom Permutation},
	journal   = {J. Cryptology},
	volume    = {10},
	number    = {3},
	pages     = {151--162},
	year      = {1997},
	url       = {https://doi.org/10.1007/s001459900025},
	doi       = {10.1007/s001459900025},
	timestamp = {Thu, 18 May 2017 09:52:09 +0200},
	biburl    = {http://dblp.org/rec/bib/journals/joc/EvenM97},
	bibsource = {dblp computer science bibliography, http://dblp.org}
}

@inproceedings{DBLP:conf/asiacrypt/Daemen91,
	author    = {Joan Daemen},
	title     = {Limitations of the Even-Mansour Construction},
	booktitle = {Advances in Cryptology - {ASIACRYPT} '91, International Conference
		on the Theory and Applications of Cryptology, Fujiyoshida, Japan,
		November 11-14, 1991, Proceedings},
	pages     = {495--498},
	year      = {1991},
	crossref  = {DBLP:conf/asiacrypt/1991},
	url       = {https://doi.org/10.1007/3-540-57332-1_46},
	doi       = {10.1007/3-540-57332-1_46},
	timestamp = {Sat, 20 May 2017 15:32:54 +0200},
	biburl    = {http://dblp.org/rec/bib/conf/asiacrypt/Daemen91},
	bibsource = {dblp computer science bibliography, http://dblp.org}
}

@article{DBLP:journals/joc/KilianR01,
	author    = {Joe Kilian and
		Phillip Rogaway},
	title     = {How to Protect {DES} Against Exhaustive Key Search (an Analysis of
			{DESX)}},
	journal   = {J. Cryptology},
	volume    = {14},
	number    = {1},
	pages     = {17--35},
	year      = {2001},
	url       = {https://doi.org/10.1007/s001450010015},
	doi       = {10.1007/s001450010015},
	timestamp = {Thu, 18 May 2017 09:52:09 +0200},
	biburl    = {http://dblp.org/rec/bib/journals/joc/KilianR01},
	bibsource = {dblp computer science bibliography, http://dblp.org}
}

@inproceedings{DBLP:conf/ccs/RogawayBBK01,
	author    = {Phillip Rogaway and
		Mihir Bellare and
			John Black and
			Ted Krovetz},
	title     = {{OCB:} a block-cipher mode of operation for efficient authenticated
		encryption},
	booktitle = {{CCS} 2001, Proceedings of the 8th {ACM} Conference on Computer and
		Communications Security, Philadelphia, Pennsylvania, USA, November
			6-8, 2001.},
	pages     = {196--205},
	year      = {2001},
	crossref  = {DBLP:conf/ccs/2001},
	url       = {http://doi.acm.org/10.1145/501983.502011},
	doi       = {10.1145/501983.502011},
	timestamp = {Thu, 01 Jun 2017 18:58:59 +0200},
	biburl    = {http://dblp.org/rec/bib/conf/ccs/RogawayBBK01},
	bibsource = {dblp computer science bibliography, http://dblp.org}
}

@proceedings{DBLP:conf/ccs/2001,
	editor    = {Michael K. Reiter and
		Pierangela Samarati},
	title     = {{CCS} 2001, Proceedings of the 8th {ACM} Conference on Computer and
		Communications Security, Philadelphia, Pennsylvania, USA, November
			6-8, 2001},
	publisher = {{ACM}},
	year      = {2001},
	url       = {http://dl.acm.org/citation.cfm?id=501983},
	isbn      = {1-58113-385-5},
	timestamp = {Fri, 09 Dec 2011 14:34:06 +0100},
	biburl    = {http://dblp.org/rec/bib/conf/ccs/2001},
	bibsource = {dblp computer science bibliography, http://dblp.org}
}

@inproceedings{DBLP:conf/eurocrypt/ChenS14,
	author    = {Shan Chen and
		John P. Steinberger},
	title     = {Tight Security Bounds for Key-Alternating Ciphers},
	booktitle = {Advances in Cryptology - {EUROCRYPT} 2014 - 33rd Annual International
		Conference on the Theory and Applications of Cryptographic Techniques,
		Copenhagen, Denmark, May 11-15, 2014. Proceedings},
	pages     = {327--350},
	year      = {2014},
	crossref  = {DBLP:conf/eurocrypt/2014},
	url       = {https://doi.org/10.1007/978-3-642-55220-5_19},
	doi       = {10.1007/978-3-642-55220-5_19},
	timestamp = {Wed, 24 May 2017 08:31:22 +0200},
	biburl    = {http://dblp.org/rec/bib/conf/eurocrypt/ChenS14},
	bibsource = {dblp computer science bibliography, http://dblp.org}
}

@proceedings{DBLP:conf/eurocrypt/2014,
	editor    = {Phong Q. Nguyen and
		Elisabeth Oswald},
	title     = {Advances in Cryptology - {EUROCRYPT} 2014 - 33rd Annual International
		Conference on the Theory and Applications of Cryptographic Techniques,
		Copenhagen, Denmark, May 11-15, 2014. Proceedings},
	series    = {Lecture Notes in Computer Science},
	volume    = {8441},
	publisher = {Springer},
	year      = {2014},
	url       = {https://doi.org/10.1007/978-3-642-55220-5},
	doi       = {10.1007/978-3-642-55220-5},
	isbn      = {978-3-642-55219-9},
	timestamp = {Wed, 24 May 2017 08:31:22 +0200},
	biburl    = {http://dblp.org/rec/bib/conf/eurocrypt/2014},
	bibsource = {dblp computer science bibliography, http://dblp.org}
}



@inproceedings{DBLP:conf/asiacrypt/LampeS13,
	author    = {Rodolphe Lampe and
		Yannick Seurin},
	title     = {How to Construct an Ideal Cipher from a Small Set of Public Permutations},
	booktitle = {Advances in Cryptology - {ASIACRYPT} 2013 - 19th International Conference
		on the Theory and Application of Cryptology and Information Security,
		Bengaluru, India, December 1-5, 2013, Proceedings, Part {I}},
	pages     = {444--463},
	year      = {2013},
	crossref  = {DBLP:conf/asiacrypt/2013-1},
	url       = {https://doi.org/10.1007/978-3-642-42033-7_23},
	doi       = {10.1007/978-3-642-42033-7_23},
	timestamp = {Fri, 19 May 2017 01:26:33 +0200},
	biburl    = {http://dblp.org/rec/bib/conf/asiacrypt/LampeS13},
	bibsource = {dblp computer science bibliography, http://dblp.org}
}

@proceedings{DBLP:conf/asiacrypt/2013-1,
	editor    = {Kazue Sako and
		Palash Sarkar},
	title     = {Advances in Cryptology - {ASIACRYPT} 2013 - 19th International Conference
		on the Theory and Application of Cryptology and Information Security,
		Bengaluru, India, December 1-5, 2013, Proceedings, Part {I}},
	series    = {Lecture Notes in Computer Science},
	volume    = {8269},
	publisher = {Springer},
	year      = {2013},
	url       = {https://doi.org/10.1007/978-3-642-42033-7},
	doi       = {10.1007/978-3-642-42033-7},
	isbn      = {978-3-642-42032-0},
	timestamp = {Fri, 19 May 2017 01:26:33 +0200},
	biburl    = {http://dblp.org/rec/bib/conf/asiacrypt/2013-1},
	bibsource = {dblp computer science bibliography, http://dblp.org}
}

@inproceedings{DBLP:conf/eurocrypt/CogliatiS15,
	author    = {Benoit Cogliati and
		Yannick Seurin},
	title     = {On the Provable Security of the Iterated Even-Mansour Cipher Against
		Related-Key and Chosen-Key Attacks},
	booktitle = {Advances in Cryptology - {EUROCRYPT} 2015 - 34th Annual International
		Conference on the Theory and Applications of Cryptographic Techniques,
		Sofia, Bulgaria, April 26-30, 2015, Proceedings, Part {I}},
	pages     = {584--613},
	year      = {2015},
	crossref  = {DBLP:conf/eurocrypt/2015-1},
	url       = {https://doi.org/10.1007/978-3-662-46800-5_23},
	doi       = {10.1007/978-3-662-46800-5_23},
	timestamp = {Wed, 24 May 2017 08:31:22 +0200},
	biburl    = {http://dblp.org/rec/bib/conf/eurocrypt/CogliatiS15},
	bibsource = {dblp computer science bibliography, http://dblp.org}
}

@proceedings{DBLP:conf/eurocrypt/2015-1,
	editor    = {Elisabeth Oswald and
		Marc Fischlin},
	title     = {Advances in Cryptology - {EUROCRYPT} 2015 - 34th Annual International
		Conference on the Theory and Applications of Cryptographic Techniques,
		Sofia, Bulgaria, April 26-30, 2015, Proceedings, Part {I}},
	series    = {Lecture Notes in Computer Science},
	volume    = {9056},
	publisher = {Springer},
	year      = {2015},
	url       = {https://doi.org/10.1007/978-3-662-46800-5},
	doi       = {10.1007/978-3-662-46800-5},
	isbn      = {978-3-662-46799-2},
	timestamp = {Wed, 24 May 2017 08:31:22 +0200},
	biburl    = {http://dblp.org/rec/bib/conf/eurocrypt/2015-1},
	bibsource = {dblp computer science bibliography, http://dblp.org}
}

@inproceedings{DBLP:conf/fse/FarshimP15,
	author    = {Pooya Farshim and
		Gordon Procter},
	title     = {The Related-Key Security of Iterated Even-Mansour Ciphers},
	booktitle = {Fast Software Encryption - 22nd International Workshop, {FSE} 2015,
		Istanbul, Turkey, March 8-11, 2015, Revised Selected Papers},
	pages     = {342--363},
	year      = {2015},
	crossref  = {DBLP:conf/fse/2015},
	url       = {https://doi.org/10.1007/978-3-662-48116-5_17},
	doi       = {10.1007/978-3-662-48116-5_17},
	timestamp = {Tue, 23 May 2017 01:12:11 +0200},
	biburl    = {http://dblp.org/rec/bib/conf/fse/FarshimP15},
	bibsource = {dblp computer science bibliography, http://dblp.org}
}

@proceedings{DBLP:conf/fse/2015,
	editor    = {Gregor Leander},
	title     = {Fast Software Encryption - 22nd International Workshop, {FSE} 2015,
		Istanbul, Turkey, March 8-11, 2015, Revised Selected Papers},
	series    = {Lecture Notes in Computer Science},
	volume    = {9054},
	publisher = {Springer},
	year      = {2015},
	url       = {https://doi.org/10.1007/978-3-662-48116-5},
	doi       = {10.1007/978-3-662-48116-5},
	isbn      = {978-3-662-48115-8},
	timestamp = {Tue, 23 May 2017 01:12:11 +0200},
	biburl    = {http://dblp.org/rec/bib/conf/fse/2015},
	bibsource = {dblp computer science bibliography, http://dblp.org}
}

@inproceedings{DBLP:conf/eurocrypt/BellareK03,
	author    = {Mihir Bellare and
		Tadayoshi Kohno},
	title     = {A Theoretical Treatment of Related-Key Attacks: RKA-PRPs, RKA-PRFs,
		and Applications},
	booktitle = {Advances in Cryptology - {EUROCRYPT} 2003, International Conference
		on the Theory and Applications of Cryptographic Techniques, Warsaw,
		Poland, May 4-8, 2003, Proceedings},
	pages     = {491--506},
	year      = {2003},
	crossref  = {DBLP:conf/eurocrypt/2003},
	url       = {https://doi.org/10.1007/3-540-39200-9_31},
	doi       = {10.1007/3-540-39200-9_31},
	timestamp = {Mon, 29 May 2017 16:53:44 +0200},
	biburl    = {http://dblp.org/rec/bib/conf/eurocrypt/BellareK03},
	bibsource = {dblp computer science bibliography, http://dblp.org}
}

@proceedings{DBLP:conf/eurocrypt/2003,
	editor    = {Eli Biham},
	title     = {Advances in Cryptology - {EUROCRYPT} 2003, International Conference
		on the Theory and Applications of Cryptographic Techniques, Warsaw,
		Poland, May 4-8, 2003, Proceedings},
	series    = {Lecture Notes in Computer Science},
	volume    = {2656},
	publisher = {Springer},
	year      = {2003},
	url       = {https://doi.org/10.1007/3-540-39200-9},
	doi       = {10.1007/3-540-39200-9},
	isbn      = {3-540-14039-5},
	timestamp = {Mon, 29 May 2017 16:53:44 +0200},
	biburl    = {http://dblp.org/rec/bib/conf/eurocrypt/2003},
	bibsource = {dblp computer science bibliography, http://dblp.org}
}

@article{DBLP:journals/joc/LiskovRW11,
	author    = {Moses Liskov and
		Ronald L. Rivest and
			David A. Wagner},
	title     = {Tweakable Block Ciphers},
	journal   = {J. Cryptology},
	volume    = {24},
	number    = {3},
	pages     = {588--613},
	year      = {2011},
	url       = {https://doi.org/10.1007/s00145-010-9073-y},
	doi       = {10.1007/s00145-010-9073-y},
	timestamp = {Wed, 14 Jun 2017 15:21:24 +0200},
	biburl    = {http://dblp.org/rec/bib/journals/joc/LiskovRW11},
	bibsource = {dblp computer science bibliography, http://dblp.org}
}

@inproceedings{DBLP:conf/eurocrypt/DunkelmanKS12,
	author    = {Orr Dunkelman and
		Nathan Keller and
			Adi Shamir},
	title     = {Minimalism in Cryptography: The Even-Mansour Scheme Revisited},
	booktitle = {Advances in Cryptology - {EUROCRYPT} 2012 - 31st Annual International
		Conference on the Theory and Applications of Cryptographic Techniques,
		Cambridge, UK, April 15-19, 2012. Proceedings},
	pages     = {336--354},
	year      = {2012},
	crossref  = {DBLP:conf/eurocrypt/2012},
	url       = {https://doi.org/10.1007/978-3-642-29011-4_21},
	doi       = {10.1007/978-3-642-29011-4_21},
	timestamp = {Wed, 24 May 2017 08:31:22 +0200},
	biburl    = {http://dblp.org/rec/bib/conf/eurocrypt/DunkelmanKS12},
	bibsource = {dblp computer science bibliography, http://dblp.org}
}

@proceedings{DBLP:conf/eurocrypt/2012,
	editor    = {David Pointcheval and
		Thomas Johansson},
	title     = {Advances in Cryptology - {EUROCRYPT} 2012 - 31st Annual International
		Conference on the Theory and Applications of Cryptographic Techniques,
		Cambridge, UK, April 15-19, 2012. Proceedings},
	series    = {Lecture Notes in Computer Science},
	volume    = {7237},
	publisher = {Springer},
	year      = {2012},
	url       = {https://doi.org/10.1007/978-3-642-29011-4},
	doi       = {10.1007/978-3-642-29011-4},
	isbn      = {978-3-642-29010-7},
	timestamp = {Wed, 24 May 2017 08:31:22 +0200},
	biburl    = {http://dblp.org/rec/bib/conf/eurocrypt/2012},
	bibsource = {dblp computer science bibliography, http://dblp.org}
}

@article{DBLP:journals/jcss/BellareKR00,
	author    = {Mihir Bellare and
		Joe Kilian and
			Phillip Rogaway},
	title     = {The Security of the Cipher Block Chaining Message Authentication Code},
	journal   = {J. Comput. Syst. Sci.},
	volume    = {61},
	number    = {3},
	pages     = {362--399},
	year      = {2000},
	url       = {https://doi.org/10.1006/jcss.1999.1694},
	doi       = {10.1006/jcss.1999.1694},
	timestamp = {Sat, 20 May 2017 00:25:52 +0200},
	biburl    = {http://dblp.org/rec/bib/journals/jcss/BellareKR00},
	bibsource = {dblp computer science bibliography, http://dblp.org}
}

@misc{bellare-rogaway_course,
	author = {Mihir Bellare and Phillip Rogaway},
	title = {Introduction to Modern Cryptography},
	howpublished = {Lecture notes available at \url{http://cseweb.ucsd.edu/~mihir/cse207/index.html}}
}
